@misc{pycparser,
  title={\texttt{pycparser}: C parser and {AST} generator written in Python},
  author={Bendersky, E},
  howpublished = "\url{https://github.com/eliben/pycparser}",
  year={2011},
}

@misc{coreutils,
  title={Coreutils - {GNU} core utilities},
  author={Meyering, J},
  howpublished = "\url{https://www.gnu.org/software/coreutils/coreutils.html}",
}

@misc{nettools,
  title={\texttt{net-tools}},
  author={Eckenfels B, Blundell P},
  howpublished = "\url{https://wiki.linuxfoundation.org/networking/net-tools}",
}

@manual{bsd,
	title={\texttt{ld.so(8)} FreeBSD System Manager's Manual},
	year="2000",
	month="October",
}

@manual{dll,
	title={Working with the AppInit\_DLLs registry value},
	year="2006",
	month="November",
	note="Microsoft KB Article ID: 197571",
}

@manual{macos,
	title={\texttt{dyld(1)} Mac OS X Manual Page},
	year="2009",
	month="December",
}

@techreport{bart,
  title={Fuzz revisited: A re-examination of the reliability of UNIX utilities and services},
  author={Miller, Barton P and Koski, David and Lee, Cjin Pheow and Maganty, Vivekananda and Murthy, Ravi and Natarajan, Ajitkumar and Steidl, Jeff},
  year={1995},
  institution={Technical report}
}

@manual{preload,
	title={\texttt{ld.so(8)} FreeBSD System Manager's Manual},
	year="2000",
	month="October",
}

@manual{glibman,
	title={GLib 2.50.2 Reference Manaual},
	year="2014",
}

@misc{glibsource,
	title={GLib Source Code},
	howpublished = "\url{https://github.com/GNOME/glib}"
}